<record><leader>05584cam a2200925 i 4500</leader><controlfield tag="001">6700971</controlfield><controlfield tag="003">OCoLC</controlfield><controlfield tag="005">20160130053404.1</controlfield><controlfield tag="006">m     o  d        </controlfield><controlfield tag="007">cr |n|</controlfield><controlfield tag="008">140911t20152015nyua    ob    001 0 eng d</controlfield><datafield ind1=" " ind2=" " tag="020"><subfield code="a">1617051705</subfield><subfield code="q">(electronic book)</subfield></datafield><datafield ind1=" " ind2=" " tag="020"><subfield code="a">9781617051708</subfield><subfield code="q">(electronic book)</subfield></datafield><datafield ind1=" " ind2=" " tag="020"><subfield code="z">1620700069</subfield><subfield code="q">(hardback)</subfield></datafield><datafield ind1=" " ind2=" " tag="020"><subfield code="z">9781620700068</subfield><subfield code="q">(hardback)</subfield></datafield><datafield ind1=" " ind2=" " tag="035"><subfield code="a">ocn890383337</subfield></datafield><datafield ind1=" " ind2=" " tag="039"><subfield code="a">exclude</subfield></datafield><datafield ind1=" " ind2=" " tag="040"><subfield code="a">N$T</subfield><subfield code="b">eng</subfield><subfield code="e">rda</subfield><subfield code="e">pn</subfield><subfield code="c">N$T</subfield><subfield code="d">YDXCP</subfield><subfield code="d">E7B</subfield><subfield code="d">CREDO</subfield><subfield code="d">OCLCF</subfield><subfield code="d">EBLCP</subfield><subfield code="d">OCLCO</subfield><subfield code="d">WAU</subfield><subfield code="d">OCLCO</subfield><subfield code="d">AEU</subfield></datafield><datafield ind1=" " ind2="4" tag="050"><subfield code="a">RC388.5</subfield><subfield code="b">.S87 2015eb</subfield></datafield><datafield ind1="0" ind2="0" tag="060"><subfield code="a">WL 356</subfield><subfield code="b">S874 2015</subfield></datafield><datafield ind1=" " ind2="7" tag="072"><subfield code="a">HEA</subfield><subfield code="x">039000</subfield><subfield code="2">bisacsh</subfield></datafield><datafield ind1=" " ind2="7" tag="072"><subfield code="a">MED</subfield><subfield code="x">014000</subfield><subfield code="2">bisacsh</subfield></datafield><datafield ind1=" " ind2="7" tag="072"><subfield code="a">MED</subfield><subfield code="x">022000</subfield><subfield code="2">bisacsh</subfield></datafield><datafield ind1=" " ind2="7" tag="072"><subfield code="a">MED</subfield><subfield code="x">045000</subfield><subfield code="2">bisacsh</subfield></datafield><datafield ind1=" " ind2="7" tag="072"><subfield code="a">MED</subfield><subfield code="x">112000</subfield><subfield code="2">bisacsh</subfield></datafield><datafield ind1="0" ind2="4" tag="082"><subfield code="a">616.8/106</subfield><subfield code="2">23</subfield></datafield><datafield ind1=" " ind2=" " tag="090"><subfield code="a">Internet Access</subfield><subfield code="b">ASAV</subfield></datafield><datafield ind1=" " ind2=" " tag="090"><subfield code="a">Internet Access</subfield><subfield code="b">AEU</subfield></datafield><datafield ind1=" " ind2=" " tag="090"><subfield code="a">Internet Access</subfield><subfield code="b">AEC</subfield></datafield><datafield ind1=" " ind2=" " tag="090"><subfield code="a">Internet Access</subfield><subfield code="b">AGPC</subfield></datafield><datafield ind1=" " ind2=" " tag="090"><subfield code="a">Internet Access</subfield><subfield code="b">AFMK</subfield></datafield><datafield ind1=" " ind2=" " tag="090"><subfield code="a">Internet Access</subfield><subfield code="b">AEKC</subfield></datafield><datafield ind1=" " ind2=" " tag="090"><subfield code="a">Internet Access</subfield><subfield code="b">AEGMCT</subfield></datafield><datafield ind1=" " ind2=" " tag="090"><subfield code="a">Internet Access</subfield><subfield code="b">AOAC</subfield></datafield><datafield ind1=" " ind2=" " tag="090"><subfield code="a">Internet Access</subfield><subfield code="b">AEU</subfield></datafield><datafield ind1="0" ind2="0" tag="245"><subfield code="a">Stroke recovery and rehabilitation /</subfield><subfield code="c">editors, Joel Stein, MD, Richard L. Harvey, MD, Carolee J. Winstein, PhD, PT, FAPTA, Richard D. Zorowitz, MD, George Wittenberg, MD, PhD.</subfield></datafield><datafield ind1=" " ind2=" " tag="250"><subfield code="a">Second edition.</subfield></datafield><datafield ind1=" " ind2="1" tag="264"><subfield code="a">New York :</subfield><subfield code="b">Demos Medical,</subfield><subfield code="c">[2015]</subfield></datafield><datafield ind1=" " ind2="4" tag="264"><subfield code="c">&#169;2015.</subfield></datafield><datafield ind1=" " ind2=" " tag="300"><subfield code="a">1 online resource (866 pages) :</subfield><subfield code="b">illustrations</subfield></datafield><datafield ind1=" " ind2=" " tag="336"><subfield code="a">text</subfield><subfield code="b">txt</subfield><subfield code="2">rdacontent</subfield></datafield><datafield ind1=" " ind2=" " tag="337"><subfield code="a">computer</subfield><subfield code="b">c</subfield><subfield code="2">rdamedia</subfield></datafield><datafield ind1=" " ind2=" " tag="338"><subfield code="a">online resource</subfield><subfield code="b">cr</subfield><subfield code="2">rdacarrier</subfield></datafield><datafield ind1=" " ind2=" " tag="504"><subfield code="a">Includes bibliographical references and index.</subfield></datafield><datafield ind1=" " ind2=" " tag="506"><subfield code="a">Access restricted to authorized users and institutions.</subfield></datafield><datafield ind1="0" ind2=" " tag="588"><subfield code="a">Print version record.</subfield></datafield><datafield ind1=" " ind2=" " tag="596"><subfield code="a">1 8 11 21 31 33 44 57 60</subfield></datafield><datafield ind1=" " ind2="0" tag="650"><subfield code="a">Cerebrovascular disease</subfield><subfield code="x">Patients</subfield><subfield code="x">Rehabilitation.</subfield></datafield><datafield ind1=" " ind2="0" tag="650"><subfield code="a">Cerebrovascular disease</subfield><subfield code="x">Treatment.</subfield></datafield><datafield ind1=" " ind2="7" tag="650"><subfield code="a">Cerebrovascular disease</subfield><subfield code="x">Patients</subfield><subfield code="x">Rehabilitation.</subfield><subfield code="2">fast</subfield><subfield code="0">(OCoLC)fst00851384</subfield></datafield><datafield ind1=" " ind2="7" tag="650"><subfield code="a">Cerebrovascular disease</subfield><subfield code="x">Treatment.</subfield><subfield code="2">fast</subfield><subfield code="0">(OCoLC)fst00851397</subfield></datafield><datafield ind1="1" ind2="2" tag="650"><subfield code="a">Stroke</subfield><subfield code="x">rehabilitation.</subfield></datafield><datafield ind1="2" ind2="2" tag="650"><subfield code="a">Stroke</subfield><subfield code="x">complications.</subfield></datafield><datafield ind1="2" ind2="2" tag="650"><subfield code="a">Stroke</subfield><subfield code="x">therapy.</subfield></datafield><datafield ind1="1" ind2=" " tag="700"><subfield code="a">Harvey, Richard L.,</subfield><subfield code="e">editor.</subfield></datafield><datafield ind1="1" ind2=" " tag="700"><subfield code="a">Stein, Joel,</subfield><subfield code="d">1961-</subfield><subfield code="e">editor.</subfield></datafield><datafield ind1="1" ind2=" " tag="700"><subfield code="a">Winstein, Carolee J.,</subfield><subfield code="e">editor.</subfield></datafield><datafield ind1="1" ind2=" " tag="700"><subfield code="a">Wittenberg, George,</subfield><subfield code="e">editor.</subfield></datafield><datafield ind1="1" ind2=" " tag="700"><subfield code="a">Zorowitz, Richard D.,</subfield><subfield code="e">editor.</subfield></datafield><datafield ind1="4" ind2="0" tag="856"><subfield code="3">Northern Lakes College Access</subfield><subfield code="u">http://search.ebscohost.com/login.aspx?direct=true&amp;scope=site&amp;db=e000xna&amp;AN=842474</subfield><subfield code="z">(Unlimited Concurrent Users)</subfield><subfield code="z">from EBSCO Academic Collection</subfield></datafield><datafield ind1="4" ind2="0" tag="856"><subfield code="3">University of Alberta Access</subfield><subfield code="u">http://search.ebscohost.com/login.aspx?direct=true&amp;scope=site&amp;db=e000xna&amp;AN=842474</subfield><subfield code="z">(Unlimited Concurrent Users)</subfield><subfield code="z">from EBSCO Academic Collection</subfield></datafield><datafield ind1="4" ind2="0" tag="856"><subfield code="3">Alberta Government Library Access</subfield><subfield code="u">http://search.ebscohost.com/login.aspx?direct=true&amp;scope=site&amp;db=e000xna&amp;AN=842474</subfield><subfield code="z">(Unlimited Concurrent Users)</subfield><subfield code="z">from EBSCO Academic Collection</subfield></datafield><datafield ind1="4" ind2="0" tag="856"><subfield code="3">Concordia University of Edmonton Access</subfield><subfield code="u">http://search.ebscohost.com/login.aspx?direct=true&amp;scope=site&amp;db=e000xna&amp;AN=842474</subfield><subfield code="z">(Unlimited Concurrent Users)</subfield><subfield code="z">from EBSCO Academic Collection</subfield></datafield><datafield ind1="4" ind2="0" tag="856"><subfield code="3">Grande Prairie Regional College Access</subfield><subfield code="u">http://search.ebscohost.com/login.aspx?direct=true&amp;scope=site&amp;db=e000xna&amp;AN=842474</subfield><subfield code="z">(Unlimited Concurrent Users)</subfield><subfield code="z">from EBSCO Academic Collection</subfield></datafield><datafield ind1="4" ind2="0" tag="856"><subfield code="3">Keyano College Access</subfield><subfield code="u">http://search.ebscohost.com/login.aspx?direct=true&amp;scope=site&amp;db=e000xna&amp;AN=842474</subfield><subfield code="z">(Unlimited Concurrent Users)</subfield><subfield code="z">from EBSCO Academic Collection</subfield></datafield><datafield ind1="4" ind2="0" tag="856"><subfield code="3">King's University Access</subfield><subfield code="u">http://search.ebscohost.com/login.aspx?direct=true&amp;scope=site&amp;db=e000xna&amp;AN=842474</subfield><subfield code="z">(Unlimited Concurrent Users)</subfield><subfield code="z">from EBSCO Academic Collection</subfield></datafield><datafield ind1="4" ind2="0" tag="856"><subfield code="3">MacEwan University Access</subfield><subfield code="u">http://search.ebscohost.com/login.aspx?direct=true&amp;scope=site&amp;db=e000xna&amp;AN=842474</subfield><subfield code="z">(Unlimited Concurrent Users)</subfield><subfield code="z">from EBSCO Academic Collection</subfield></datafield><datafield ind1="4" ind2="0" tag="856"><subfield code="3">Olds College Access</subfield><subfield code="u">http://search.ebscohost.com/login.aspx?direct=true&amp;scope=site&amp;db=e000xna&amp;AN=842474</subfield><subfield code="z">(Unlimited Concurrent Users)</subfield><subfield code="z">from EBSCO Academic Collection</subfield></datafield><datafield ind1="4" ind2="0" tag="856"><subfield code="3">University of Alberta Access</subfield><subfield code="u">http://search.ebscohost.com/login.aspx?direct=true&amp;scope=site&amp;db=nlebk&amp;db=nlabk&amp;AN=842474</subfield><subfield code="z">(3 Concurrent Users)</subfield></datafield><datafield ind1=" " ind2=" " tag="949"><subfield code="h">UAIN</subfield><subfield code="m">NLC_INT</subfield><subfield code="z">EBSCONLC</subfield></datafield><datafield ind1=" " ind2=" " tag="926"><subfield code="a">Internet Access</subfield><subfield code="w">LC</subfield><subfield code="c">1</subfield><subfield code="i">6700971-1001</subfield><subfield code="l">INTERNET</subfield><subfield code="m">UAINTERNET</subfield><subfield code="r">Y</subfield><subfield code="s">Y</subfield><subfield code="t">E-RESOURCE</subfield><subfield code="u">10/1/2014</subfield><subfield code="x">E-BOOK</subfield><subfield code="z">EBSCOUA</subfield></datafield><datafield ind1=" " ind2=" " tag="926"><subfield code="a">Internet Access</subfield><subfield code="w">LC</subfield><subfield code="c">2</subfield><subfield code="i">6700971-1002</subfield><subfield code="l">INTERNET</subfield><subfield code="m">UAINTERNET</subfield><subfield code="r">Y</subfield><subfield code="s">Y</subfield><subfield code="t">E-RESOURCE</subfield><subfield code="u">2/3/2016</subfield><subfield code="x">E-BOOK</subfield><subfield code="z">EBSCO</subfield></datafield><datafield ind1=" " ind2=" " tag="926"><subfield code="a">Internet Access</subfield><subfield code="w">LC</subfield><subfield code="c">1</subfield><subfield code="i">6700971-2001</subfield><subfield code="l">INTERNET</subfield><subfield code="m">AGINTERNET</subfield><subfield code="r">Y</subfield><subfield code="s">Y</subfield><subfield code="t">E-RESOURCE</subfield><subfield code="u">2/3/2016</subfield><subfield code="x">E-BOOK</subfield><subfield code="z">EBSCOAGL</subfield></datafield><datafield ind1=" " ind2=" " tag="926"><subfield code="a">Internet Access</subfield><subfield code="w">LC</subfield><subfield code="c">1</subfield><subfield code="i">6700971-3001</subfield><subfield code="l">INTERNET</subfield><subfield code="m">CONCORDIA</subfield><subfield code="r">Y</subfield><subfield code="s">Y</subfield><subfield code="t">E-RESOURCE</subfield><subfield code="u">2/3/2016</subfield><subfield code="x">E-BOOK</subfield><subfield code="z">EBSCOCON</subfield></datafield><datafield ind1=" " ind2=" " tag="926"><subfield code="a">Internet Access</subfield><subfield code="w">LC</subfield><subfield code="c">1</subfield><subfield code="i">6700971-4001</subfield><subfield code="l">INTERNET</subfield><subfield code="m">GPRC_INT</subfield><subfield code="r">Y</subfield><subfield code="s">Y</subfield><subfield code="t">E-RESOURCE</subfield><subfield code="u">2/3/2016</subfield><subfield code="x">E-BOOK</subfield><subfield code="z">EBSCOGP</subfield></datafield><datafield ind1=" " ind2=" " tag="926"><subfield code="a">Internet Access</subfield><subfield code="w">LC</subfield><subfield code="c">1</subfield><subfield code="i">6700971-5001</subfield><subfield code="l">INTERNET</subfield><subfield code="m">KEYANO</subfield><subfield code="r">Y</subfield><subfield code="s">Y</subfield><subfield code="t">E-RESOURCE</subfield><subfield code="u">2/3/2016</subfield><subfield code="x">E-BOOK</subfield><subfield code="z">EBSCOKEY</subfield></datafield><datafield ind1=" " ind2=" " tag="926"><subfield code="a">Internet Access</subfield><subfield code="w">LC</subfield><subfield code="c">1</subfield><subfield code="i">6700971-6001</subfield><subfield code="l">INTERNET</subfield><subfield code="m">KINGS</subfield><subfield code="r">Y</subfield><subfield code="s">Y</subfield><subfield code="t">E-RESOURCE</subfield><subfield code="u">2/3/2016</subfield><subfield code="x">E-BOOK</subfield><subfield code="z">EBSCOKI</subfield></datafield><datafield ind1=" " ind2=" " tag="926"><subfield code="a">Internet Access</subfield><subfield code="w">LC</subfield><subfield code="c">1</subfield><subfield code="i">6700971-7001</subfield><subfield code="l">INTERNET</subfield><subfield code="m">GR_MAC_INT</subfield><subfield code="r">Y</subfield><subfield code="s">Y</subfield><subfield code="t">E-RESOURCE</subfield><subfield code="u">2/3/2016</subfield><subfield code="x">E-BOOK</subfield><subfield code="z">EBSCOGM</subfield></datafield><datafield ind1=" " ind2=" " tag="926"><subfield code="a">Internet Access</subfield><subfield code="w">LC</subfield><subfield code="c">1</subfield><subfield code="i">6700971-8001</subfield><subfield code="l">INTERNET</subfield><subfield code="m">OLDS</subfield><subfield code="r">Y</subfield><subfield code="s">Y</subfield><subfield code="t">E-RESOURCE</subfield><subfield code="u">2/3/2016</subfield><subfield code="x">E-BOOK</subfield><subfield code="z">EBSCOOLD</subfield></datafield><datafield ind1=" " ind2=" " tag="926"><subfield code="a">Internet Access</subfield><subfield code="w">LC</subfield><subfield code="c">1</subfield><subfield code="i">6700971-9001</subfield><subfield code="l">INTERNET</subfield><subfield code="m">NLC_INT</subfield><subfield code="r">Y</subfield><subfield code="s">Y</subfield><subfield code="t">E-RESOURCE</subfield><subfield code="u">3/21/2017</subfield><subfield code="x">E-BOOK</subfield><subfield code="z">EBSCONLC</subfield></datafield></record>